@article{onsseca,
author = {ONS},
year = {2019},
month = {},
pages = {},
title = {Plano da operação energética 2019-2023}
}

@misc{onsvazao,
  author = {ONS},
  title = {{Dados de vazão}},
  howpublished = "\url{http://www.ons.org.br/Paginas/resultados-da-operacao/historico-da-operacao/dados_hidrologicos_vazoes.aspx
}",
  year = {2021},
  note = "[Online; accessed 30-March-2021]"
}

@misc{onsnivel,
  author = {ONS},
  title = {{Dados de nível}},
  howpublished = "\url{http://www.ons.org.br/Paginas/resultados-da-operacao/historico-da-operacao/dados_hidrologicos_niveis.aspx}",
  year = {2021},
  note = "[Online; accessed 30-March-2021]"
}

@misc{gcm,
  author = {GFDL},
  title = {{Climate Modeling}},
  howpublished = "\url{https://www.gfdl.noaa.gov/climate-modeling/#:~:text=of\%20data\%20storage.-,What\%20is\%20a\%20Global\%20Climate\%20Model\%3F,to\%20long\%2Dterm\%20climate\%20prediction.}",
  year = {2021},
  note = "[Online; accessed 30-March-2021]"
}

@article{Lyra2018,
author = {Lyra, Andre and Tavares, Priscila and Chou, Sin Chan and Medeiros, Gustavo and Dereczynski, Claudine and Sondermann, Marcely and Silva, Adan and Marengo, Jose and Giarolla, Angelica},
year = {2018},
month = {04},
pages = {663-682},
title = {Climate change projections over three metropolitan regions in Southeast Brazil using the non-hydrostatic Eta regional climate model at 5-km resolution},
volume = {132},
journal = {Theoretical and Applied Climatology},
doi = {10.1007/s00704-017-2067-z}
}

@article{Queiroz2016,
author = {De Queiroz, Anderson and Lima, Luana and Lima, Jose and Silva, Benedito and Scianni, Luciana},
year = {2016},
month = {07},
pages = {379-389},
title = {Climate change impacts in the energy supply of the Brazilian hydro-dominant power system},
volume = {99},
journal = {Renewable Energy},
doi = {10.1016/j.renene.2016.07.022}
}

@article{Mukheibir2013,
author = {Mukheibir, Pierre},
year = {2013},
month = {11},
pages = {},
title = {Potential consequences of projected climate change impacts on hydroelectricity generation},
volume = {121},
journal = {Climatic Change},
doi = {10.1007/s10584-013-0890-5}
}

@misc{fundep,
  author = {FUNDEP},
  title = {Relatório de identificação de áreas tecnicamente adequadas para a instalação de parques aquícolas},
  howpublished = "\url{http://www.rmpcecologia.com/projetos/pa_tmfurnas/pdfs/relatorios_seap/relatorio_identific_tres_marias.pdf}",
  year = {2007},
  note = "[Online; accessed 30-March-2021]"
}

@article{chou2014evaluation,
  title={Evaluation of the Eta simulations nested in three global climate models},
  author={Chou, Sin Chan and Lyra, Andr{\'e} and Mour{\~a}o, Caroline and Dereczynski, Claudine and Pilotto, Isabel and Gomes, Jorge and Bustamante, Josiane and Tavares, Priscila and Silva, Adan and Rodrigues, Daniela and others},
  journal={American Journal of Climate Change},
  volume={3},
  number={05},
  pages={438},
  year={2014},
  publisher={Scientific Research Publishing}
}

@article{chou2014assessment,
  title={Assessment of climate change over South America under RCP 4.5 and 8.5 downscaling scenarios},
  author={Chou, Sin Chan and Lyra, Andr{\'e} and Mour{\~a}o, Caroline and Dereczynski, Claudine and Pilotto, Isabel and Gomes, Jorge and Bustamante, Josiane and Tavares, Priscila and Silva, Adan and Rodrigues, Daniela and others},
  journal={American Journal of Climate Change},
  volume={3},
  number={05},
  pages={512},
  year={2014},
  publisher={Scientific Research Publishing}
}

@inproceedings{ardabili2019deep,
  title={Deep learning and machine learning in hydrological processes climate change and earth systems a systematic review},
  author={Ardabili, Sina and Mosavi, Amir and Dehghani, Majid and V{\'a}rkonyi-K{\'o}czy, Annam{\'a}ria R},
  booktitle={International Conference on Global Research and Education},
  pages={52--62},
  year={2019},
  organization={Springer}
}

@article{bhatta2019evaluation,
  title={Evaluation and application of a SWAT model to assess the climate change impact on the hydrology of the Himalayan River Basin},
  author={Bhatta, Binod and Shrestha, Sangam and Shrestha, Pallav K and Talchabhadel, Rocky},
  journal={Catena},
  volume={181},
  pages={104082},
  year={2019},
  publisher={Elsevier}
}

@article{kassem2020predicting,
  title={Predicting of daily Khazir basin flow using SWAT and hybrid SWAT-ANN models},
  author={Kassem, Abdulwahd A and Raheem, Adil M and Khidir, Khalid M and Alkattan, Mohammad},
  journal={Ain Shams Engineering Journal},
  volume={11},
  number={2},
  pages={435--443},
  year={2020},
  publisher={Elsevier}
}

@article{essenfelder2020smart,
  title={Smart Climate Hydropower Tool: A Machine-Learning Seasonal Forecasting Climate Service to Support Cost--Benefit Analysis of Reservoir Management},
  author={Essenfelder, Arthur H and Larosa, Francesca and Mazzoli, Paolo and Bagli, Stefano and Broccoli, Davide and Luzzi, Valerio and Mysiak, Jaroslav and Mercogliano, Paola and dalla Valle, Francesco},
  journal={Atmosphere},
  volume={11},
  number={12},
  pages={1305},
  year={2020},
  publisher={Multidisciplinary Digital Publishing Institute}
}

@article{kicsi2007streamflow,
  title={Streamflow forecasting using different artificial neural network algorithms},
  author={Ki{\c{s}}i, {\"O}zg{\"u}r},
  journal={Journal of Hydrologic Engineering},
  volume={12},
  number={5},
  pages={532--539},
  year={2007},
  publisher={American Society of Civil Engineers}
}

@article{petty2018streamflow,
  title={Streamflow hydrology estimate using machine learning (SHEM)},
  author={Petty, TR and Dhingra, P},
  journal={JAWRA Journal of the American Water Resources Association},
  volume={54},
  number={1},
  pages={55--68},
  year={2018},
  publisher={Wiley Online Library}
}

@article{rasouli2012daily,
  title={Daily streamflow forecasting by machine learning methods with weather and climate inputs},
  author={Rasouli, Kabir and Hsieh, William W and Cannon, Alex J},
  journal={Journal of Hydrology},
  volume={414},
  pages={284--293},
  year={2012},
  publisher={Elsevier}
}